@misc{refSynchronisation,
  key = {synchronisation},
  title = {Syncronisation},
  note = {\url{https://fr.wikipedia.org/wiki/Synchronisation}}
}
@misc{refThread,
  key = {thread},
  title = {Thread},
  note = {\url{https://fr.wikipedia.org/wiki/Thread_(informatique)}}
}
@misc{refAtomicite,
  key = {atomicite},
  title = {Atomicit√©},
  note = {\url{https://fr.wikipedia.org/wiki/Atomicit%C3%A9_(informatique)}}
}
@misc{refTkinter,
  key = {tkinter},
  title = {Tkinter},
  note = {\url{https://docs.python.org/2/library/tkinter.html}}
}
@misc{refPythonQueue,
  key = {pythonQueue},
  title = {Python queue},
  note = {\url{https://docs.python.org/2/library/queue.html}}
}
@misc{refFonctionRappel,
  key = {fonctionRappel},
  title = {Fonction de rappel},
  note = {\url{https://fr.wikipedia.org/wiki/Fonction_de_rappel}}
}
@misc{refAlgoNonBloquant,
  key = {algoNonBloquant},
  title = {Algorithme non-Bloquant},
  note = {\url{https://en.wikipedia.org/wiki/Non-blocking_algorithm}}
}
@misc{refSwing,
  key = {swing},
  title = {Swing},
  note = {\url{https://docs.oracle.com/javase/tutorial/uiswing/index.html}}
}
@misc{refJavaQueue,
  key = {javaQueue},
  title = {Java queue},
  note = {\url{https://docs.oracle.com/javase/7/docs/api/java/util/Queue.html}}
}